@misc{GTEx,
  title = {GTEx portal},
  howpublished = {\url{https://www.gtexportal.org/home/}},
  note = {Accessed: 2020-05-28}
}

@misc{DGEList,
  title = {The DGEList object in R},
  author = {Dave Tang},
  howpublished = {https://davetang.org/muse/2012/01/19/the-dgelist-object-in-r/},
  note = {Accessed: 2020-06-10}
}

@article{Normalization, 
  title={Selecting between-sample RNA-Seq normalization methods from the perspective of their assumptions}, 
  volume={19}, 
  DOI={10.1093/bib/bbx008},
  number={5}, 
  journal={Briefings in Bioinformatics},
  author={Evans, Ciaran and Hardin, Johanna and Stoebel, Daniel M},
  year={2017}, pages={776â€“792}
}

@misc{tutorialRNAseq,
  title = {Statistical analysis of RNA-Seq data},
  author = {Ignacio Gonzalez},
  month = {november}, year =  {2014},
  institution = {Plateforme Bioinformatique - INRA Toulouse, Plateforme Biostatistique - IMT Universite Toulouse III},
}

@misc{BiomaRt,
  title = {BiomaRt, Bioconductor R package},
  howpublished = {\url{https://m.ensembl.org/info/data/biomart/biomart_r_package.html}},
  note = {Accessed: 2020-06-11}
}

@misc{edgeRtutorial,
  title = {From Reads to Genes to Pathways: Differential Expression Analysis of RNA-Seq Experiments Using Rsubread and the edgeR Quasi-Likelihood Pipeline.},
  author = {Chen, Yunshun, A. T. L. Lun, and G. K. Smyth.},
  year = {2016},
  note = {F1000Research 5:1438.}
}

@Manual{org.Hs.eg.db,
    title = {org.Hs.eg.db: Genome wide annotation for Human},
    author = {Marc Carlson},
    year = {2020},
    note = {R package version 3.11.4},
  }

@Article{clusterProfiler,
    title = {clusterProfiler: an R package for comparing biological themes among gene clusters},
    author = {Guangchuang Yu and Li-Gen Wang and Yanyan Han and Qing-Yu He},
    journal = {OMICS: A Journal of Integrative Biology},
    year = {2012},
    volume = {16},
    number = {5},
    pages = {284-287},
    pmid = {22455463},
    doi = {10.1089/omi.2011.0118},
  }

@Manual{grex,
    title = {grex: Gene ID Mapping for Genotype-Tissue Expression (GTEx) Data},
    author = {Nan Xiao and Gao Wang and Lei Sun},
    year = {2019},
    note = {R package version 1.9},
    url = {https://CRAN.R-project.org/package=grex},
  }

@Article{DESeq,
    title = {Differential expression analysis for sequence count data},
    author = {Simon Anders and Wolfgang Huber},
    year = {2010},
    journal = {Genome Biology},
    volume = {11},
    pages = {R106},
    doi = {10.1186/gb-2010-11-10-r106},
    url = {http://genomebiology.com/2010/11/10/R106/},
  }

@Article{mixOmics,
    author = {Rohart F and Gautier B and Singh A and Le Cao K-A},
    title = {mixOmics: An R package for 'omics feature selection and multiple data integration},
    journal = {PLoS computational biology},
    volume = {13},
    number = {11},
    pages = {e1005752},
    year = {2017},
    publisher = {Public Library of Science},
    url = {http://www.mixOmics.org},
  }

@Article{edgeR1,
  title = {edgeR: a Bioconductor package for differential expression analysis of digital gene expression data},
  author = {Mark D Robinson and Davis J McCarthy and Gordon K Smyth},
  journal = {Bioinformatics},
  volume = {26},
  number = {1},
  pages = {139-140},
  year = {2010},
  doi = {10.1093/bioinformatics/btp616},
}

@Article{edgeR2,
  author = {Davis J McCarthy and Yunshun Chen and Gordon K Smyth},
  title = {Differential expression analysis of multifactor RNA-Seq experiments with respect to biological variation},
  year = {2012},
  journal = {Nucleic Acids Research},
  volume = {40},
  number = {10},
  pages = {4288-4297},
  doi = {10.1093/nar/gks042},
}
